2725 4117
242 441 243 448 ¹
304 427 375 489 xiv
552 385 1107 499 ne‘uo‘raorro'ffi‘

304 623 461 696 brevitas,
484 643 548 708 qua
571 621 735 684 collectam
749 631 863 686 rtrum
885 640 1042 682 summam
1066 623 1242 694 continuit,

216 747 218 760 ⁴
306 741 341 789 ut
363 725 622 790 breviarium
643 727 725 808 ipsis
749 720 1131 813 codicibusquihusmm
1152 741 1245 806 prae·‘
1286 756 1290 765 .

305 828 453 900 euntibus
478 827 724 900 inscriberetur,
752 843 783 888 et
804 845 875 888 cum
898 827 1075 910 expeditam
1096 841 1130 887 et
1150 849 1242 910 paru-

230 943 233 958 ⁴
304 929 402 991 hilein
415 931 583 992 lectionem
596 943 790 1013 praestaret,
814 943 846 991 et
859 932 894 991 iu
906 931 1051 1013 propiori
1067 944 1244 1012 conspectu
1339 928 1347 943 ''

258 1064 265 1078 .
282 1073 284 1082 ι
302 1034 337 1094 ἰι
358 1035 456 1096 veluti
474 1047 586 1096 coacto
602 1035 709 1094 omnia
724 1035 829 1114 posita
843 1026 1022 1103 exhiberet,
1040 1031 1158 1114 cupido
1175 1046 1243 1092 stu·

185 1141 187 1152 '
246 1163 248 1169 ’
295 1137 359 1198 ‘dio
388 1138 600 1218 exciperetur,
626 1141 684 1194 lrec
709 1138 771 1194 usu
796 1134 906 1203 solum
921 1137 1047 1217 prisato
1072 1134 1244 1196 doctorum

304 1235 472 1300 hominum
489 1232 697 1318 probaretur,=
711 1234 766 1298 sed
783 1251 814 1296 et
829 1240 863 1297 in
877 1235 1079 1319 ipsos-libros
1093 1233 1179 1297 facta
1193 1257 1242 1296 re·

250 1367 255 1377 ·
304 1341 459 1422 petitione
475 1341 640 1410 transiret,
663 1341 698 1398 in
712 1340 885 1421 posteriori
897 1341 1031 1400 maxime
1042 1344 1142 1422 parte,
1160 1361 1244 1425 quae

210 1463 229 1476 “
304 1463 354 1504 res
368 1443 486 1524 ipsius
504 1455 657 1528 tempore
687 1441 738 1504 vel
764 1441 873 1524 paullo
902 1455 976 1502 ante
1002 1455 1106 1530 gestus
1131 1444 1242 1503 tradit.

189 1595 190 1600 1
273 1547 286 1594 Ι
307 1543 416 1608 Testes
440 1545 574 1614 adsunt,
572 1558 722 1649 praeter
744 1547 904 1608 versiones
926 1540 1006 1605 duris
1027 1546 1245 1632 Graecas,ex

304 1651 383 1732 ipsis
414 1623 597 1709 auctoribus
628 1647 741 1708 Sextus
769 1642 891 1715 liuius,
929 1644 1054 1725 Schotti
1091 1648 1245 1710 Aurelius

304 1754 432 1819 Victor,
461 1750 598 1857 Orosius
629 1749 749 1852 aliique
779 1748 943 1827 annalium
965 1763 996 1808 et
1017 1749 1245 1817 chronicorum

204 1887 206 1894 ·
305 1817 469 1922 auctores.
521 1853 587 1914 Nec
623 1865 752 1935 postero
783 1840 926 1932 tempore
956 1826 1118 1938 neglectus
1147 1853 1247 1916 latuit
1336 1913 1342 1921 .

300 1958 497 2038 Eutropius,
521 1955 607 2015 sed
599 1969 644 2014 ita
660 1948 796 2014 alini-um
812 1968 946 2014 conatus
965 1955 1089 2016 adiuvit
1102 1969 1135 2016 et
1148 1953 1242 2026 aluit,

305 2073 359 2130 ut,
384 2057 502 2144 quanta
525 2059 717 2118 auctoritate
733 2036 870 2144 valeret,
894 2042 986 2125 facile
1000 2057 1241 2143 intelligeretur.

304 2161 340 2222 In
370 2159 487 2243 quibus
513 2159 618 2240 primo
649 2157 721 2218 loco
745 2162 824 2239 poni
844 2157 939 2222 debet
959 2150 1144 2222 historia
1175 2164 1243 2220 mi·
1292 2199 1296 2204 ·

305 2261 450 2333 scella,
475 2279 556 2344 quae
576 2262 771 2341 Eutropium
792 2265 928 2331 maxime
950 2263 1062 2324 ducem
1084 2267 1242 2348 sequitur,

305 2385 362 2426 nec
384 2366 451 2424 eius
468 2363 572 2425 solum
587 2363 683 2449 verba
698 2362 827 2434 reddit‚⁴
845 2364 900 2424 sed
916 2378 948 2424 et
962 2366 1003 2426 od
1017 2368 1117 2447 ipsam
1135 2387 1243 2426 rernm
1310 2412 1313 2419 ,

230 2486 232 2490 ·
305 2467 551 2550 descriptionem
574 2466 778 2528 excolendam
800 2480 832 2526 et
852 2465 1118 2548 amplificandam
1125 2460 1243 2530 multo·

288 2575 595 2656 ‘ruminarmtiones
611 2572 730 2640 assuit,
754 2571 837 2631 unde
852 2568 966 2651 postea
977 2574 1123 2632 certatim
1138 2575 1242 2632 niten-

226 2743 233 2764 .
303 2645 390 2735 tibus
415 2673 561 2734 studiis'
551 2695 588 2733 ιιι
609 2685 732 2744 tantam
753 2671 806 2750 illa
820 2691 927 2732 rerum
944 2675 1123 2770 congeriem
1138 2692 1243 2736 exere·

302 2778 359 2846 vit,
377 2760 413 2838 nt
429 2791 598 2864 tamquam
607 2777 641 2834 in
656 2772 748 2837 vasto
764 2775 872 2860 aliquo
889 2798 969 2836 marr
959 2777 1182 2858 Eutropius
1173 2795 1243 2856 ipse

301 2875 488 2970 fluitaret,
485 2895 529 2937 ex
551 2897 616 2962 quo
634 2872 805 2939 bonorum
822 2879 970 2940 codicum
992 2899 1052 2961 ope
1073 2880 1244 2965 sagacique

221 2985 225 2997 “
303 2981 486 3050 criticorum
517 2997 592 3040 cura
620 2987 762 3045 servatus
790 2981 970 3065 natalique·
985 2981 1061 3043 solo
1075 2984 1243 3051 restitutus

303 3077 411 3142 evasit.
458 3083 585 3144 Scilicet
607 3084 664 3167 qui
688 3085 859 3165 posteriori
881 3083 936 3144 illa
960 3097 1063 3145 aetate
1076 3083 1177 3144 libros
1191 3081 1243 3142 hi·

303 3185 440 3245 storicos
456 3183 693 3277 conficiebant,
717 3205 789 3246 cum
817 3187 965 3251 socordia
986 3201 1019 3247 et
1039 3200 1172 3285 torpore
1186 3183 1243 3246 he·

300 3283 450 3356 hctatae'
442 3290 645 3372 ingeniorum
662 3291 747 3350 vires
760 3288 1026 3379 languescerent,
1024 3302 1102 3351 tnnc
1114 3277 1245 3368 demum

237 3385 457 3468 praeclare
472 3409 505 3449 se
520 3391 627 3476 egisse
637 3390 901 3472 putabant,cu1u
916 3392 1078 3476 undique,
1089 3409 1172 3475 quae
1187 3411 1243 3473 pa·

298 3485 380 3548 rota
388 3491 612 3602 invenissent,
626 3495 694 3553 sine
710 3493 833 3554 delectu
852 3508 885 3556 et
900 3493 1023 3574 iuditio
1039 3492 1243 3576 excipiebant
