2725 4117
388 336 998 447 sxu³son·n''arun0.sst
1049 383 1121 467 χιιι

180 567 271 653 gulas
294 587 437 641 seorsum
462 583 648 651 exponeret,
680 570 852 654 parvisque
870 568 985 651 spatiis
1007 561 1119 628 distin·
1213 570 1229 594 ‘¹

137 750 141 758 ἱ
180 683 247 731 ctas
286 667 397 732 oc'olis¹
418 671 579 734 obiiceret.
636 673 732 752 Quod
761 675 789 732 si
818 692 894 739 vero
923 673 994 755 ipsa
1021 667 1120 730 verba

179 772 414 858 verborumque
429 771 584 834 formulas
600 776 792 844 intueamur,
809 786 978 834 occurrunt
992 775 1118 856 utique,

179 895 262 960 quae
291 875 405 938 melior
433 889 534 962 aetas(
548 891 604 946 aut
634 875 728 958 plane
756 878 933 962 ignoravit,
958 889 1024 935 -aut
1053 872 1119 935 alio

179 997 275 1039 sensu
297 975 530 1063 frequentavit,
563 978 678 1064 qualia
692 982 767 1040 sunt
790 1000 828 1038 ea
848 978 959 1040 multis
981 975 1119 1039 dubie·

179 1093 262 1154 tas,
285 1077 751 1153 medietas,'nimictas,
773 1082 1035 1152 remandare,
1058 1100 1119 1156 ep·
1167 1130 1171 1141 ,

179 1187 275 1245 osu's
297 1187 440 1270 passius,
464 1185 680 1272 genitura,
703 1186 866 1248 mererik
876 1205 938 1268 pro
954 1184 1118 1268 consequi,

179 1291 420 1370 exsequiae,
452 1287 630 1368 implere
654 1302 881 1358 certamen,
913 1289 1005 1371 pati
1026 1302 1117 1347 nau·

169 1385 238 1477 fra
250 1410 269 1473 g
279 1391 380 1458 ium,
394 1387 530 1472 aliaque,
547 1399 629 1478 quae
646 1387 834 1473 singulatim
841 1391 982 1451 notanda
990 1389 1119 1461 videan-

177 1503 241 1561 tur,
256 1505 287 1552 et
303 1486 400 1552 claris
417 1487 731 1558 nnrrnarecensebit·
754 1489 801 1549 Ex
815 1486 1014 1570 praefatione
1028 1505 1118 1552 ravo*
1165 1506 1169 1521 ¹
1191 1510 1195 1525 ·

177 1593 243 1652 cari
265 1589 336 1651 huc
351 1605 478 1673 potest,
510 1590 628 1674 quod
620 1611 655 1650 ιιι
661 1589 838 1657 honorum
856 1589 982 1663 titulis,
1004 1590 1116 1657 Valen-

136 1765 141 1777 )
177 1707 241 1754 torn
274 1691 450 1764 allocutus,
483 1691 643 1753 abstracta
664 1713 736 1774 pro
748 1696 902 1754 concretis
924 1695 1026 1776 ponit.
1069 1697 1118 1757 Ex

178 1793 295 1881 q'uibus
325 1795 455 1882 quidem
487 1809 634 1878 apparet,
665 1816 732 1857 non
752 1809 819 1856 tam
841 1795 1033 1858 elocutionis
1041 1796 1117 1865 ele

178 1901 318 1984 gantiam
340 1901 374 1958 ἱιι
396 1911 508 1960 nostro
530 1899 598 1958 es'se
620 1899 842 1978 spectandam,
866 1919 962 1982 qnam
984 1901 1145 1967 narrati<

179 1999 251 2062 onii
279 2014 408 2062 tenuem
437 1989 675 2082 simplicitatem
701 2010 738 2062 et
758 2003 957 2083 perspicuam
968 1998 1115 2062 sbrerita·
1186 2070 1192 2093 ἢ

176 2115 241 2163 tem
264 2117 314 2175 et,
340 2123 422 2187 quae
443 2101 652 2164 obversentur
670 2103 792 2163 Latinis
815 2101 945 2162 auribus
968 2102 1129 2175 molesta,-

100 2271 105 2276 ,
153 2207 287 2267 'eorum
311 2207 543 2269 excusationem
566 2226 603 2266 ex
625 2205 744 2268 saenali
766 2207 970 2331 corruptione
986 2225 1053 2270 esse
1067 2227 1114 2268 re·

175 2310 355 2392 petendam.
537 2391 544 2400 ι
925 2367 929 2373 ,
1019 2335 1029 2364 ι

240 2464 288 2523 De
303 2462 374 2523 aliis
390 2461 499 2534 libris,
525 2485 608 2548 quos
621 2486 694 2526 eum
710 2465 873 2547 scripsisse
890 2462 1115 2537 Suidasaffin
1188 2451 1193 2462 ’

126 2555 135 2570 ’
176 2578 262 2642 ιιιιι,
286 2583 358 2623 cum
382 2567 534 2646 temporis
548 2568 666 2626 iniuria
681 2569 853 2650 perierint,
869 2566 1052 2630 'nihilcerti
1066 2563 1112 2628 af·

103 2683 110 2690 ·
139 2682 142 2690 ’
175 2663 253 2726 ferri
275 2678 400 2748 potest,
431 2669 490 2728 etsi
510 2666 706 2730 luculentum
729 2681 758 2729 et
779 2668 940 2732 laudabile
961 2671 1130 2752 eruditiop

114 2791 118 2802 s
143 2835 145 2844 ‚
176 2771 227 2829 nis
249 2767 403 2829 honestae
423 2782 454 2829 et
474 2767 615 2830 liberalis
631 2772 849 2834 testimonium
865 2751 1024 2833 exhibent.

160 2933 162 2938 ’
241 2923 276 2984 Si
297 2923 376 3008 quid
398 2941 473 3006 vero
497 2921 768 2996 decimanum,
791 2927 949 2992 institutis
965 2941 997 2988 et
1014 2927 1111 2988 mori·

175 3023 236 3088 bus
255 3025 457 3088 statuendum
473 3027 532 3096 sit,
554 3024 639 3085 nulla
655 3023 733 3096 fere,
752 3041 808 3088 aut
822 3041 887 3104 tam
902 3010 985 3089 ievia
997 3047 1109 3089 eorum

175 3115 300 3191 exstant
330 3131 487 3218 vestigia
492 3127 531 3190 ab
562 3127 633 3189 aliis
663 3127 849 3190 atactorihus'
877 3150 1041 3213 expressa,
1071 3141 1111 3189 ut

176 3252 213 3292 ex
238 3233 306 3320 eius
328 3227 391 3292 hoc
414 3207 498 3292 libro
522 3211 591 3292 eriri
614 3232 723 3292 omnia
745 3243 779 3290 et
800 3230 948 3294 concludi
961 3231 1107 3292 debeant.

86 3319 89 3328 ¹
174 3333 224 3395 Ita
239 3353 315 3396 vero
330 3337 380 3395 vir
374 3331 445 3392 ille
460 3329 525 3393 fuit
538 3333 773 3403 doctrinarum,
795 3332 948 3410 historiae
961 3335 1108 3405 maxime,

136 3415 146 3428 ⁸
175 3435 285 3498 studio
309 3435 456 3510 deditus,
480 3437 549 3521 qui,
566 3437 626 3496 etsi
644 3434 802 3509 bellorum
819 3435 961 3499 motibus
977 3439 1108 3499 iactare
