2725 4117
270 361 327 410 xx
364 319 370 326 ’
440 349 504 404 ιιι
538 299 674 408 nuru.
708 343 863 422 eroso.
895 295 1058 410 niuno,

178 615 180 620 ,
269 559 340 616 tur,
356 557 452 631 atque
473 540 509 606 iu
531 526 758 626 imperatorum
783 553 955 625 conspectu
968 553 1002 606 et
1016 517 1213 613 mundrihus

267 647 405 732 puhlicis
428 659 627 745 versaretur,
648 647 694 706 ita
717 660 824 708 tamen
837 645 971 708 residui
986 649 1047 708 otii
1061 662 1210 744 tempora

268 751 456 832 descripsit,
479 763 516 810 ut
537 745 692 834 frugifera
709 746 869 810 honorum
884 751 1051 811 auctorum
1066 730 1209 814 lectione

201 881 211 892 ·
250 852 387 916 urtone
409 851 573 914 molestias
590 848 788 911 exhilararet
833 851 943 934 Neque
958 851 993 912 id
1008 850 1142 915 obscure
1159 851 1206 915 fe-

266 957 329 1027 cit,
352 956 408 1018 sed
424 953 622 1018 documentis
639 953 734 1032 editis
749 948 877 1034 puhliee
891 951 1105 1024 declaravit,
1095 956 1219 1040 itaque

264 1059 330 1140 ipsi
350 1059 446 1133 etiem
467 1057 652 1138 imperatori
676 1053 800 1120 Valenti
818 1052 989 1143 probavit,
1009 1070 1047 1118 ut
1061 1077 1145 1172 ιιιιιι.
1147 1078 1204 1140 po·
1263 1082 1271 1092 ’

264 1160 424 1221 tissimum
448 1157 595 1259 eligeret,
620 1179 638 1216 a
662 1160 728 1240 quo
750 1159 913 1231 Romanae
933 1134 1088 1221 historiae
1102 1179 1202 1219 seren·
1257 1164 1259 1168 ’

264 1263 344 1363 ιίιιιι
371 1261 558 1356 percipere
559 1269 697 1338 cuperet.
749 1258 847 1318 Cuius
866 1257 997 1342 quidem
1019 1258 1203 1327 demandati

264 1347 387 1446 negotii
408 1358 553 1443 partibus
576 1380 688 1444 quam
697 1360 798 1442 perite
812 1372 843 1420 et
858 1375 931 1442 apte
947 1357 1118 1422 defunctus
1133 1356 1203 1423 fne-

223 1447 241 1480 ''*
263 1465 326 1535 rit,
356 1483 452 1548 quem
482 1461 651 1549 diligenter
681 1463 868 1549 gravissima
891 1466 1023 1560 quaevis
1044 1464 1202 1551 selegerit,

177 1558 179 1567 ’
210 1601 223 1642 ι,
263 1587 361 1651 qnam
386 1578 478 1628 caute
501 1577 745 1648 opportuneque
765 1567 943 1636 monuerit,
967 1564 1008 1628 ad
1021 1579 1200 1652 metamque
1265 1563 1270 1574 ’
1298 1626 1304 1633 ,

241 1670 462 1754 ,propositam
494 1668 601 1729 omnia
632 1665 801 1739 direxerit,
833 1681 866 1728 et
893 1680 990 1751 supra
1021 1671 1200 1751 expositum

263 1783 328 1842 eet,
351 1783 384 1832 et
408 1770 511 1851 ipsius
531 1761 608 1829 libri
632 1767 728 1831 lectio
750 1767 947 1851 comprobat.
991 1771 1076 1830 Tum
1089 1790 1199 1834 sensus

175 1879 194 1911 n
263 1874 380 1943 animi,
412 1874 441 1934 si
463 1867 600 1956 quidem
630 1892 667 1930 ex
700 1869 851 1970 operibus
874 1869 1041 1932 hominum
1064 1872 1200 1946 iudicari

146 1964 174 1986 “’
262 1989 415 2057 possunt,
446 1993 502 2034 eos
528 1973 691 2054 prodidit,
728 1987 766 2035 ut
795 1977 872 2035 satis
895 1987 1069 2056 appareat,
1097 1972 1198 2036 fuisse
1301 1962 1305 1977 ⁸

262 2067 425 2145 honestos,
440 2065 545 2152 mores
560 2077 648 2156 ipsos
661 2095 773 2160 graves
789 2090 822 2137 et
833 2089 948 2138 castos.
980 2074 1097 2138 Libere
1111 2078 1197 2138 enim
1237 2101 1242 2106 ·

263 2155 399 2238 aliorum
426 2177 505 2238 ntia
535 2179 687 2262 castigat,
716 2174 859 2264 flagitia,
889 2174 1019 2247 foeda'
1010 2201 1046 2240 ιιι
1074 2181 1196 2262 primis,

262 2282 359 2360 intra
369 2277 585 2384 perecundioe
597 2273 710 2340 lines
702 2283 858 2366 exagitat,
878 2281 1013 2344 virtutes
1029 2279 1130 2354 effert,
1150 2283 1196 2344 di·

262 2379 414 2478 sciplinae
435 2361 633 2443 severitatem
646 2373 788 2470 probat,
817 2395 850 2443 et
872 2385 1002 2446 omnino
1024 2403 1062 2443 ex
1077 2404 1196 2485 magne

213 2481 216 2488 “
263 2506 369 2547 rerum
399 2485 547 2570 congerie
570 2471 627 2544 'eis
651 2483 829 2567 depromit,
859 2505 941 2568 quae
955 2500 1095 2547 mentem
1108 2485 1195 2547 utili·
1261 2474 1265 2486 ’

144 2610 146 2616 ’
238 2645 239 2650 ,
262 2601 312 2648 ιιι
331 2585 545 2668 locupletent,
569 2589 774 2699 animumque
794 2585 835 2648 ad
849 2578 1028 2650 honestatis
1043 2601 1075 2649 et
1087 2585 1194 2670 probi-

262 2691 352 2750 tatis
364 2707 503 2751 amorem
525 2691 670 2752 excitent
